@Misc{OnlineWiki,
    author = {Wikipedia.org},
    title = {LaTeX -- Wikipedie, otevřená encyklopedie},
    howpublished = {[online]},
    note = {[citováno 15. 4. 2018]},
    url = {https://cs.wikipedia.org/wiki/LaTeX},
}

@Misc{OnlineTeXHistory,
    author = "{TeX Users Group (TUG)}",
    title = {History of TeX},
    howpublished = {[online]},
    month = {8},
    year = {2015},
    note = {[citováno 16. 4. 2018]},
    url = {https://www.tug.org/whatis.html},
}

@Misc{OnlineGanguli,
    author = {Swetava GANGULI},
    title = {A short history of TeX and LaTeX},
    howpublished = {[online]},
    year = {2013},
    note = {[citováno 16. 4. 2018]},
    url = {https://swetava.wordpress.com/a-short-history-of-tex-and-latex},
}

@InBook{BookCookbook,
    author = {Stefan KOTTWITZ},
    title = {LaTeX Cookbook},
    pages = {4-6},
    chapter = {Introduction},
    address = {United Kingdom},
    publisher = {Packt Publishing},
    year = {2015},
    isbn = {9781784395148},
}

@InBook{BookZac,
    author = {Jiří RYBIČKA},
    title = {LaTeX pro začátečníky},
    pages = {98-115},
    chapter = {Pořadová sazba, tabulky},
    address = {Brno},
    publisher = {KONVOJ},
    edition = {3},
    year = {2003},
    isbn = {80-7302-049-1},
}

@MastersThesis{ThesisBunka,
	author = {Roman BUŇKA},
	title = {Možnosti grafiky a prezentace v systémech TeX a LaTeX},
	year = {2008},
	school = {Vysoké učení technické v Brně. Fakulta elektrotechniky a komunikačních technologií. Ústav telekomunikací. Vedoucí práce Pavel Rajmic},
	type = {Bakalářská práce},
}

@MastersThesis{ThesisMazac,
	author = {Ladislav MAZAČ},
	title = {Implementace standardu pro bibliografické citace BibTeX pomocí technologie XML},
	year = {2010},
	school = {Vysoké učení technické v Brně. Fakulta elektrotechniky a komunikačních technologií. Ústav telekomunikací. Vedoucí práce Pavel Rajmic},
	type = {Diplomová práce},
}

@Article{ArticleCSTUG,
    author = {Tomáš HÁLA},
    title = {Komentář k nové revizi normy ČSN ISO 690 -- Pravidla pro bibliografické odkazy a citace informačních zdrojů},
    journal = {Zpravodaj Československého sdružení uživatelů TeXu},
    year = {2013},
    volume = {23},
    number = {2},
    pages = {107-112},
    issn = {1211-6661},
}

@Article{ArticleMath,
    author = {Srinivas JANGILI and Nagaraju GAJJELA and O. Anwar BÉG},
    title = {Mathematical modeling of entropy generation in magnetized micropolar flow between co-rotating cylinders with internal heat generation},
    journal = {Alexandria Engineering Journal},
    year = {2016},
    volume = {55},
    number = {3},
    pages = {1969-1982},
    issn = {1110-0168},
}

@Article{ArticleTUGBoat,
    author = {Luca MERCIADRI},
    title = {Some misunderstood or unknown tricks (LaTeX)},
    journal = {TUGboat},
    year = {2010},
    volume = {31},
    number = {1},
    pages = {76-78},
    issn = {0896-3207},
}